@misc{crypto-slides-haenni,
    author = {Rolf Haenni},
    title = {{BTI7261 Applied Cryptography Public-Key Cryptography}},
    howpublished = "\url{https://drive.google.com/drive/folders/1spQiHNmzsUIpLsu_Yx7XVF5sP_R0aBJb}"
}